
@inproceedings{morin2005hierarchical,
  title={Hierarchical probabilistic neural network language model.},
  author={Morin, Frederic and Bengio, Yoshua},
  booktitle={Aistats},
  volume={5},
  pages={246--252},
  year={2005},
  organization={Citeseer}
}

@article{mikolov2013distributed,
  title={Distributed representations of words and phrases and their compositionality},
  author={Mikolov, Tomas and Sutskever, Ilya and Chen, Kai and Corrado, Greg and Dean, Jeffrey},
  journal={arXiv preprint arXiv:1310.4546},
  year={2013}
}

@article{bojanowski2017enriching,
  title={Enriching word vectors with subword information},
  author={Bojanowski, Piotr and Grave, Edouard and Joulin, Armand and Mikolov, Tomas},
  journal={Transactions of the Association for Computational Linguistics},
  volume={5},
  pages={135--146},
  year={2017},
  publisher={MIT Press}
}

% HSM
@inproceedings{Peng2017IncrementallyLT,
  title={Incrementally Learning the Hierarchical Softmax Function for Neural Language Models},
  author={Hao Peng and Jianxin Li and Y. Song and Yaopeng Liu},
  booktitle={AAAI},
  year={2017}
}

@article{Mohammed2018EffectivenessOH,
  title={Effectiveness of Hierarchical Softmax in Large Scale Classification Tasks},
  author={Abdul Arfat Mohammed and Venkatesh Umaashankar},
  journal={2018 International Conference on Advances in Computing, Communications and Informatics (ICACCI)},
  year={2018},
  pages={1090-1094}
}

@inproceedings{Wydmuch2018ANG,
  title={A no-regret generalization of hierarchical softmax to extreme multi-label classification},
  author={Marek Wydmuch and Kalina Jasinska and Mikhail Kuznetsov and R. Busa-Fekete and K. Dembczynski},
  booktitle={NeurIPS},
  year={2018}
}

@inproceedings{Jiang2017ExplorationOT,
  title={Exploration of Tree-based Hierarchical Softmax for Recurrent Language Models},
  author={Nan Jiang and Wenge Rong and M. Gao and Yikang Shen and Z. Xiong},
  booktitle={IJCAI},
  year={2017}
}

@article{Yang2017OptimizeHS,
  title={Optimize Hierarchical Softmax with Word Similarity Knowledge},
  author={Zhixuan Yang and Chong Ruan and Caihua Li and J. Hu},
  journal={Polytech. Open Libr. Int. Bull. Inf. Technol. Sci.},
  year={2017},
  volume={55},
  pages={11-16}
}

@article{Grave2017EfficientSA,
  title={Efficient softmax approximation for GPUs},
  author={Edouard Grave and Armand Joulin and Moustapha Ciss{\'e} and David Grangier and H. J{\'e}gou},
  journal={ArXiv},
  year={2017},
  volume={abs/1609.04309}
}
